<record><leader>00000cas a22000007a 4500</leader><controlfield tag="001">23265472</controlfield><controlfield tag="008">910319d18uu1uuucouwr ne      0    0eng d</controlfield><datafield ind1=" " ind2=" " tag="010"><subfield code="a">sn 91052346 </subfield></datafield><datafield ind1=" " ind2=" " tag="040"><subfield code="a">CNQ</subfield><subfield code="b">eng</subfield><subfield code="c">CNQ</subfield><subfield code="d">OCLCQ</subfield></datafield><datafield ind1=" " ind2=" " tag="042"><subfield code="a">msc</subfield></datafield><datafield ind1="0" ind2=" " tag="130"><subfield code="a">Springfield republican (Springfield, Colo.)</subfield></datafield><datafield ind1="1" ind2="0" tag="245"><subfield code="a">Springfield republican.</subfield></datafield><datafield ind1=" " ind2=" " tag="260"><subfield code="a">Springfield, Colo. :</subfield><subfield code="b">F.M. Tipton</subfield></datafield><datafield ind1=" " ind2=" " tag="300"><subfield code="a">v.</subfield></datafield><datafield ind1=" " ind2=" " tag="310"><subfield code="a">Weekly</subfield></datafield><datafield ind1=" " ind2=" " tag="588"><subfield code="a">Description based on: Vol. 1, no. 14 (Jan. 3, 1890).</subfield></datafield><datafield ind1=" " ind2=" " tag="752"><subfield code="a">United States</subfield><subfield code="b">Colorado</subfield><subfield code="c">Baca</subfield><subfield code="d">Springfield.</subfield></datafield></record>